@misc{buterin2013whitepaper,
  author = {Vitalik Buterin},
  title = {Ethereum: A Next-Generation Smart Contract and Decentralized Application Platform},
  howpublished = "\url{https://github.com/ethereum/wiki/wiki/White-Paper}",
  year = {2013}
}

@misc{vsbenchmark,
title = "{VeriSmart} benchmark",
  howpublished={\url{https://github.com/kupl/VeriSmart-benchmarks}}
  }

@inproceedings{verismart,
    title={{VeriSmart}: A Highly Precise Safety Verifier for Ethereum Smart Contracts},
    author={Sunbeom So and Myungho Lee and Jisu Park and Heejo Lee and Hakjoo Oh},
    year={2020},
   booktitle={{IEEE} Symposium on Security \& Privacy},
   notes = {accepted for publication}
}

@misc{measurepop,
  howpublished="\url{https://github.com/smartanvil/smartanvil.github.io/blob/master/_posts/2018-03-14-on-contract-popularity-analysis.md}",
  title="On Contract Popularity Analysis",
  author="Santiago Bragagnolo"
}

@techreport{smartanvil,
  title={SmartAnvil: Open-Source Tool Suite for Smart Contract Analysis},
  author={Ducasse, St{\'e}phane and Rocha, Henrique and Bragagnolo, Santiago and Denker, Marcus and Francomme, Cl{\'e}ment},
  year={2019},
  institution="{HAL}",
  number="hal-01940287"
}

@mastersthesis{dika2017ethereum,
  title={Ethereum Smart Contracts: Security Vulnerabilities and Security Tools},
  author={Dika, Ardit},
  year={2017},
  school={NTNU}
}

@inproceedings{chen2018under,
 author = {Chen, Ting and Li, Zihao and Zhou, Hao and Chen, Jiachi and Luo, Xiapu and Li, Xiaoqi and Zhang, Xiaosong},
 title = {Towards Saving Money in Using Smart Contracts},
 booktitle = {Proceedings of the 40th International Conference on Software Engineering: New Ideas and Emerging Results},
 series = {ICSE-NIER '18},
 year = {2018},
 isbn = {978-1-4503-5662-6},
 location = {Gothenburg, Sweden},
 pages = {81--84},
 numpages = {4},
 url = {http://doi.acm.org/10.1145/3183399.3183420},
 doi = {10.1145/3183399.3183420},
 acmid = {3183420},
 publisher = {ACM},
 address = {New York, NY, USA},
 keywords = {anti-patterns, detection, optimization, smart contract},
} 

@inproceedings{chen2017under,
  title={Under-optimized smart contracts devour your money},
  author={Chen, Ting and Li, Xiaoqi and Luo, Xiapu and Zhang, Xiaosong},
  booktitle={Software Analysis, Evolution and Reengineering (SANER), 2017 IEEE 24th International Conference on},
  pages={442--446},
  year={2017},
  organization={IEEE}
}

@misc{wood2014yellow,
  author = {Gavin Wood},
  title = {Ethereum:  a  secure  decentralised  generalised  transaction  ledger},
  howpublished = "\url{http://gavwood.com/paper.pdf}",
  year = {2014}
}

@misc{nakamoto2008bitcoin,
  title={Bitcoin: A peer-to-peer electronic cash system},
  author={Satoshi Nakamoto},
  howpublished = "\url{https://bitcoin.org/bitcoin.pdf}",
  year={2008}
}

@misc{parity,
  title={Parity Ethereum client},
  author={Parity},
  howpublished = "\url{https://parity.io}",
  year={2016}
}

@misc{slither-code,
  title={Slither: a static analyzer for Solidity},
  author={{Anonymized for review}},
  howpublished = "{Anonymized for review}",
  year={2018}
}


%  title={Slither: a static analyzer for Solidity},
%  author={{Trail of Bits}},
%  howpublished = "\url{https://github.com/trailofbits/slither}",
%  year={2018}
%}



@misc{slither-api,
  title={{Slither Python API}},
  author={{Trail of Bits}},
  howpublished = "\url{https://github.com/trailofbits/slither/wiki/API-examples}",
  year={2018}
}


@misc{slither-slithir,
  title={SlithIR Documentation},
  author={{Trail of Bits}},
  howpublished = "\url{https://github.com/trailofbits/slither/wiki/SlithIR}",
  year={2018}
}




@misc{spank,
  title={We Got Spanked: What We Know So Far},
  author={{SpankChain}},
  howpublished = "\url{https://medium.com/spankchain/we-got-spanked-what-we-know-so-far-d5ed3a0f38fe}",
  year={Oct 8, 2018 (acceded on Jan 10, 2019)}
}

@inproceedings{SurveyAttacks,
 author = {Atzei, Nicola and Bartoletti, Massimo and Cimoli, Tiziana},
 title = {A Survey of Attacks on {Ethereum} Smart Contracts {SoK}},
 booktitle = {International Conference on Principles of Security and Trust},
 year = {2017},
 pages = {164--186},
 url = {https://doi.org/10.1007/978-3-662-54455-6_8},
 doi = {10.1007/978-3-662-54455-6_8}
} 

@misc{reports,
  title={Trail of Bits Security Reviews},
  author = {{Trail of Bits}},
  howpublished="\url{https://github.com/trailofbits/publications\#security-reviews}",
  year=2019
  }

@misc{DAO,
  title={Analysis of the DAO exploit},
  author={{Phil Daian }},
  howpublished = "\url{http://hackingdistributed.com/2016/06/18/analysis-of-the-dao-exploit/}",
  year={June 18, 2016 (acceded on Jan 10, 2019)}
}

@misc{echidna-code,
  title={Echidna: Ethereum fuzz testing framework},
  author={{Trail of Bits}},
  howpublished = "\url{https://github.com/trailofbits/echidna}",
  year={2018}
}

@misc{mythril-code,
  title={Mythril: a security analysis tool for Ethereum smart contracts},
  author={ConsenSys},
  howpublished = "\url{https://github.com/ConsenSys/mythril-classic}",
  year={2017}
}

@misc{manticore-code,
  title={Manticore: Symbolic Execution for Humans},
  author={{Trail of Bits}},
  howpublished="\url{https://github.com/trailofbits/manticore}",
  year={2017}
}

@misc{mythx,
  howpublished="\url{https://mythx.io/}",
  author="Consensys Diligence",
  }

@misc{solhint-code,
  title={Solhint: an open source project for linting solidity code},
  author={Protofire},
  howpublished = "\url{https://protofire.github.io/solhint/}",
  year={2017}
}

@misc{oyente-code,
  title={Oyente: an analysis tool for smart contracts},
  author={Melon Project},
  howpublished = "\url{https://github.com/melonproject/oyente}",
  year={2017}
}

@inproceedings{Harvey,
  title={Targeted greybox fuzzing with static lookahead analysis},
  author={W{\"u}stholz, Valentin and Christakis, Maria},
  booktitle="International Conference on Software Engineering",
  year={2020},
  notes="accepted for publication"
}

@misc{etherscan,
  title={Verified contracts synced from Etherscan},
  author={Gerhard Wagner},
  howpublished = "\url{https://github.com/thec00n/etherscan_verified_contracts}",
  year={2018}
}

@inproceedings{ClaessenH00,
author    = {Koen Claessen and
           John Hughes},
title     = {{QuickCheck}: a lightweight tool for random testing of {Haskell}
           programs},
booktitle = {International Conference on Functional Programming {(ICFP)}},
year      = {2000},
pages     = {268--279},
ee        = {http://doi.acm.org/10.1145/351240.351266},
bibsource = {DBLP, http://dblp.uni-trier.de}
}

@inproceedings{regexpMut,
 author = {Groce, Alex and Holmes, Josie and Marinov, Darko and Shi, August and Zhang, Lingming},
 title = {An Extensible, Regular-expression-based Tool for Multi-language Mutant Generation},
 booktitle = {Proceedings of the 40th International Conference on Software Engineering: Companion Proceeedings},
 series = {ICSE '18},
 year = {2018},
 isbn = {978-1-4503-5663-3},
 location = {Gothenburg, Sweden},
 pages = {25--28},
 numpages = {4},
 url = {http://doi.acm.org/10.1145/3183440.3183485},
 doi = {10.1145/3183440.3183485},
 acmid = {3183485},
 publisher = {ACM},
 address = {New York, NY, USA},
 keywords = {multi-language tools, mutation testing, regular expressions},
} 


@incollection{MutationSurvey,
  title={Mutation testing advances: an analysis and survey},
  author={Papadakis, Mike and Kintis, Marinos and Zhang, Jie and Jia, Yue and Le Traon, Yves and Harman, Mark},
  booktitle={Advances in Computers},
  volume={112},
  pages={275--378},
  year={2019},
  publisher={Elsevier}
}


@misc{dataset-small,
  title={Directory of ERC20 tokens},
  author={Trust Wallet},
  howpublished = "\url{https://github.com/TrustWallet/tokens}",
  year={2018}
}

@inproceedings{contractfuzzer,
  title={Contractfuzzer: Fuzzing smart contracts for vulnerability detection},
  author={Jiang, Bo and Liu, Ye and Chan, WK},
  booktitle={Proceedings of the 33rd ACM/IEEE International Conference on Automated Software Engineering},
  pages={259--269},
  year={2018}
}

@misc{solfuzz,
  howpublished="\url{https://github.com/b-mueller/solfuzz}",
  author = "Bernhard Mueller"
  }

@misc{chainfuzz,
  howpublished="\url{https://github.com/ChainSecurity/ChainFuzz}",
  author="{Chain Security}"
  }

@inproceedings{oyente,
 author = {Luu, Loi and Chu, Duc-Hiep and Olickel, Hrishi and Saxena, Prateek and Hobor, Aquinas},
 title = {Making Smart Contracts Smarter},
 series = {CCS '16},
 year = {2016},
} 


@misc{solidityj-code,
  title={Solidity grammar for ANTLR4 },
  author={Federico Bond},
  howpublished = "\url{https://github.com/solidityj/solidity-antlr4}",
  year={2017}
}

@misc{webassembly,
  title={WebAssembly},
  howpublished = "\url{http://webassembly.org/}",
  year={2016}
}

@inproceedings{securify,
 author = {Tsankov, Petar and Dan, Andrei and Drachsler-Cohen, Dana and Gervais, Arthur and B\"{u}nzli, Florian and Vechev, Martin},
 title = {Securify: Practical Security Analysis of Smart Contracts},
 series = {CCS '18},
 year = {2018},
}

@misc{grishchenko2018semantic,
  author = {Ilya Grishchenko and Matteo Maffei and Clara Schneidewind},
  Title = {A Semantic Framework for the Security Analysis of Ethereum smart contracts},
  Year = {2018},
  howpublished = {arXiv:1802.08660},
  note = {Accessed:2018-03-12},
  url = {https://arxiv.org/pdf/1802.08660.pdf},
}

@inproceedings{smartcheck,
 author = {Tikhomirov S. and et al.},
 title = {SmartCheck: Static Analysis of Ethereum Smart Contracts},
 series = {WETSEB},
 year = {2018},
}

@misc{atzei2016survey,
  author = {Nicola Atzei and Massimo Bartoletti and Tiziana Cimoli},
  title = {A survey of attacks on Ethereum smart contracts},
  publisher = {Cryptology ePrint Archive, Report 2016/1007},
  year = {2016},
  month = {Oct},
  note = {Accessed: 2016-11-08},
  url = {https://eprint.iacr.org/2016/1007.pdf},
}

@inproceedings{DBLP:conf/ndss/KalraGDS18,
  author    = {Sukrit Kalra and
               Seep Goel and
               Mohan Dhawan and
               Subodh Sharma},
  title     = {{ZEUS:} Analyzing Safety of Smart Contracts},
  booktitle = {25th Annual Network and Distributed System Security Symposium, {NDSS}
               2018, San Diego, California, USA, February 18-21, 2018},
  year      = {2018},
  crossref  = {DBLP:conf/ndss/2018},
  url       = {http://wp.internetsociety.org/ndss/wp-content/uploads/sites/25/2018/02/ndss2018\_09-1\_Kalra\_paper.pdf},
  timestamp = {Thu, 09 Aug 2018 10:57:16 +0200},
  biburl    = {https://dblp.org/rec/bib/conf/ndss/KalraGDS18},
  bibsource = {dblp computer science bibliography, https://dblp.org}
}

@article{Brent2018VandalAS,
  title={Vandal: A Scalable Security Analysis Framework for Smart Contracts},
  author={Lexi Brent and et al.},
  journal={CoRR},
  year={2018},
  volume={abs/1809.03981}
}

@inproceedings {teether,
  author = {Johannes Krupp and Christian Rossow},
  title = {teEther: Gnawing at Ethereum to Automatically Exploit Smart Contracts},
  booktitle = {USENIX Security )},
  year = {2018},
}

@misc{ethertrust,
  title={EtherTrust: Sound Static Analysis of Ethereum bytecode},
  author={Ilya Grishchenko and Matteo Maffei and Clara Schneidewind},
  year={2018}
}

@inproceedings{maian,
  author = {Nikolic, Ivica and Kolluri, Aashish and Sergey, Ilya and Saxena, Prateek and Hobor, Aquinas},
  booktitle = {ACSAC},
  title = {Finding The Greedy, Prodigal, and Suicidal Contracts at Scale},
  year = {2018}
}

@inproceedings{FC20,
  title={What are the Actual Flaws in Important Smart Contracts (and How Can We Find Them)?},
  author={Alex Groce and Josselin Feist and Gustavo Grieco and Michael Colburn},
  year={2020},
  booktitle="International Conference on Financial Cryptography and Data Security"
}


@inproceedings{SSA,
  author = {Rosen, Barry K. and Wegman, Mark N. and Zadeck, F. Kenneth},
  booktitle = {POPL},
  title = {Global Value Numbers and Redundant Computations},
  year = {1988}
}


@misc{scilla,
  title={SCILLA Safe-By-Design Smart Contract Language},
  author={Zilliqa},
  howpublished = "\url{https://scilla-lang.org/}",
  year={Accessed on Jan 10, 2019}
}

@misc{michelson,
  title={Michelson: the language of Smart Contracts in Tezos},
  author={Tezos},
  howpublished = "\url{http://www.liquidity-lang.org/doc/reference/michelson.html}",
  year={Accessed on Jan 10, 2019}
}



@techreport{iele,
    author = "Kasampalis, Theodoros and et al.",
    year = "2018",
    number = "http://hdl.handle.net/2142/100320",
    title = "IELE: An Intermediate-Level Blockchain Language Designed and Implemented Using Formal Semantics"
}

@misc{yul,
  title={Yul},
  author={Solidity},
  howpublished = "\url{https://solidity.readthedocs.io/en/v0.5.0/yul.html}",
  year={Accessed on Jan 10, 2019}
}

@inproceedings{BMC,
  author = "Armin Biere and Alessandro Cimatti and Edmund M. Clarke and Yunshan Zhu",
  title = "Symbolic Model Checking without {BDDs}",
  booktitle = "Tools and Algorithms for the Construction and Analysis of Systems", 
  year = "1999",
  pages = "193--207"
}

@inproceedings{CBMCp,
  author = "Daniel Kroening and Edmund M. Clarke and Flavio Lerda",
  title = "A Tool for Checking {ANSI-C} Programs",
  booktitle = "Tools and Algorithms for the Construction and Analysis of Systems",
  year = "2004",
  pages = "168--176"
}

@misc{CBMC,
  howpublished = "\url{https://www.cprover.org/cbmc/}"
}
